<?xml version="1.0" encoding="UTF-8" ?>
<collection xmlns:xsi="http://www.w3.org/2001/XMLSchema-instance" xsi:schemaLocation="http://www.loc.gov/MARC21/slim http://www.loc.gov/standards/marcxml/schema/MARC21slim.xsd" xmlns="http://www.loc.gov/MARC21/slim">
   <record>
      <leader>     cam a22      a 4500</leader>
      <controlfield tag="001">1651236</controlfield>
      <controlfield tag="003">NIC</controlfield>
      <controlfield tag="005">20131119174917.0</controlfield>
      <controlfield tag="008">900131s1954    ua       b    000 0 ara d</controlfield>
      <datafield tag="035" ind1=" " ind2=" ">
         <subfield code="a">(NIC)notisAHT6676</subfield>
      </datafield>
      <datafield tag="035" ind1=" " ind2=" ">
         <subfield code="a">(OCoLC)64016912</subfield>
      </datafield>
      <datafield tag="035" ind1=" " ind2=" ">
         <subfield code="a">1651236</subfield>
      </datafield>
      <datafield tag="040" ind1=" " ind2=" ">
         <subfield code="a">NIC</subfield>
         <subfield code="c">NIC</subfield>
         <subfield code="d">NIC</subfield>
      </datafield>
      <datafield tag="245" ind1="0" ind2="0">
         <subfield code="a">Ashʻār al-shuʻarāʼ al-sittah al-jāhilīyīn :</subfield>
         <subfield code="b">ikhtīyārāt min al-shiʻr al-jāhilī : al-mukhtār min shiʻr Imriʼ al-Qays, wa-ʻAlqamah ibn ʻAbdah, wa-al-Nābighah, wa-Zuhayr, wa-Ṭarafah, wa-ʻAntarah al-ʻAbsī /</subfield>
         <subfield code="c">ikhtiyār al-Yūsuf ibn Sulaymān ibn ʻĪsá al-maʻrūf bil-Aʻlam al-Shantamarī ; sharḥ wa-taʻlīq Muḥammad ʻAbd al-Munʻim al-Khafājī.</subfield>
      </datafield>
      <datafield tag="250" ind1=" " ind2=" ">
         <subfield code="a">al-Ṭabʻah 1.</subfield>
      </datafield>
      <datafield tag="260" ind1=" " ind2=" ">
         <subfield code="a">[al-Qāhirah] :</subfield>
         <subfield code="b">Maktabat ʻAbd al-Hamīd Aḥmad Ḥanafī,</subfield>
         <subfield code="c">1954.</subfield>
      </datafield>
      <datafield tag="300" ind1=" " ind2=" ">
         <subfield code="a">2 v. in 1 ;</subfield>
         <subfield code="c">25 cm.</subfield>
      </datafield>
      <datafield tag="504" ind1=" " ind2=" ">
         <subfield code="a">Includes bibliographical references.</subfield>
      </datafield>
      <datafield tag="650" ind1=" " ind2="0">
         <subfield code="a">Arabic poetry</subfield>
         <subfield code="y">To 622.</subfield>
      </datafield>
      <datafield tag="700" ind1="1" ind2=" ">
         <subfield code="a">Aʻlam al-Shantamarī, Yūsuf ibn Sulaymān,</subfield>
         <subfield code="d">1019 or 1020-1083 or 1084.</subfield>
      </datafield>
      <datafield tag="700" ind1="1" ind2=" ">
         <subfield code="a">Khafājī, Muḥammad ʻAbd al-Munʻim.</subfield>
      </datafield>
      <datafield tag="903" ind1=" " ind2=" ">
         <subfield code="a">NYUACO</subfield>
         <subfield code="d">20131119</subfield>
         <subfield code="p">31924060173519</subfield>
      </datafield>
      <datafield tag="905" ind1=" " ind2=" ">
         <subfield code="a">19921019120000.0</subfield>
      </datafield>
      <datafield tag="948" ind1="2" ind2=" ">
         <subfield code="a">20100326</subfield>
         <subfield code="b">m</subfield>
         <subfield code="d">batch</subfield>
         <subfield code="e">lts</subfield>
         <subfield code="x">del9XXtxt</subfield>
      </datafield>
      <datafield tag="995" ind1=" " ind2=" ">
         <subfield code="a">Hivolm</subfield>
         <subfield code="d">20100326</subfield>
      </datafield>
      <datafield tag="903" ind1=" " ind2=" ">
         <subfield code="a">NYUACO</subfield>
         <subfield code="d">20140402</subfield>
         <subfield code="p">31924060173519</subfield>
      </datafield>
      <datafield tag="950" ind1=" " ind2=" ">
         <subfield code="a">PJ7633</subfield>
         <subfield code="b">.A81</subfield>
         <subfield code="v"> </subfield>
      </datafield>
   </record>
</collection>
